@book{Hagel2005TheSpecialization,
  address =       {Boston, Massachusetts, USA},
  author =        {Hagel, John and Seely Brown, John Seely},
  pages =         {256},
  publisher =     {Harvard Business Press},
  title =         {{The Only Sustainable Edge: Why Business Strategy
                   Depends on Productive Friction and Dynamic
                   Specialization}},
  year =          {2005},
  isbn =          {978-1-59139-720-5},
  language =      {en},
}

@book{Drucker2015InnovationPrinciples,
  address =       {New York, New York, USA},
  author =        {Drucker, Peter},
  edition =       {Routledge},
  publisher =     {Routledge},
  title =         {{Innovation and Entrepreneurship: Practice and
                   Principles}},
  year =          {2015},
}

@article{VandeVen1986CentralInnovation,
  author =        {Van de Ven, Andrew H.},
  journal =       {Management Science},
  month =         {5},
  number =        {5},
  pages =         {590--607},
  title =         {{Central Problems in the Management of Innovation}},
  volume =        {32},
  year =          {1986},
  doi =           {10.1287/mnsc.32.5.590},
  issn =          {0025-1909},
  url =           {http://pubsonline.informs.org/doi/abs/10.1287/
                  mnsc.32.5.590 http://pubsonline.informs.org/doi/pdf/10.1287/
                  mnsc.32.5.590},
}

@article{Gupta2007InnovationAnalysis,
  author =        {Gupta, Anil K. and Tesluk, Paul E. and
                   Taylor, M. Susan},
  journal =       {Organization Science},
  month =         {12},
  number =        {6},
  pages =         {885--897},
  title =         {{Innovation At and Across Multiple Levels of
                   Analysis}},
  volume =        {18},
  year =          {2007},
  doi =           {10.1287/orsc.1070.0337},
  issn =          {1047-7039},
  url =           {http://pubsonline.informs.org/doi/abs/10.1287/
                  orsc.1070.0337 http://pubsonline.informs.org/doi/pdf/10.1287/
                  orsc.1070.0337},
}

@book{Schumpeter1942CapitalismDemocracy,
  author =        {Schumpeter, Joseph A.},
  title =         {{Capitalism, Socialism and Democracy}},
  year =          {1942},
}

@book{Carlson2006,
  author =        {Carlson, Curtis R. and Wilmot, William W.},
  month =         {8},
  pages =         {368},
  publisher =     {Crown Business},
  title =         {{Innovation: The Five Disciplines for Creating What
                   Customers Want}},
  year =          {2006},
  isbn =          {0307336697},
}

@book{Schumpeter1934TheCycle,
  author =        {Schumpeter, Joseph Alois},
  pages =         {324},
  publisher =     {Transaction Publishers},
  title =         {{The Theory of Economic Development: An Inquiry Into
                   Profits, Capital, Credit, Interest, and the Business
                   Cycle}},
  year =          {1934},
  isbn =          {978-0-87855-698-4},
  language =      {en},
}

@article{Schumpeter1950TheSocialism,
  author =        {Schumpeter, Joseph A.},
  journal =       {The American Economic Review},
  month =         {5},
  number =        {2},
  pages =         {446--456},
  title =         {{The March Into Socialism}},
  volume =        {40},
  year =          {1950},
  issn =          {0002-8282},
  url =           {http://www.jstor.org/stable/1818062},
}

@inproceedings{Russell2011TransformingOrchestration,
  author =        {Russell, Martha G. and Still, Kaisa and
                   Huhtam{\"{a}}ki, Jukka and Yu, Camilla and
                   Rubens, Neil},
  booktitle =     {Proceedings of Triple Helix IX International
                   Conference: “Silicon Valley: Global Model or Unique
                   Anomaly?”, July 2011, Stanford, California, USA},
  pages =         {17},
  title =         {{Transforming Innovation Ecosystems through Shared
                   Vision and Network Orchestration}},
  year =          {2011},
}

@article{Moore1993PredatorsCompetition,
  author =        {Moore, James F.},
  journal =       {Harvard Business Review},
  number =        {3},
  pages =         {75--86},
  title =         {{Predators and prey: a new ecology of competition}},
  volume =        {71},
  year =          {1993},
  issn =          {00178012},
  language =      {English},
}

@phdthesis{Jarvi2013,
  author =        {J{\"{a}}rvi, Kati},
  month =         {2},
  pages =         {182},
  publisher =     {Lappeenranta University of Technology},
  school =        {Lappeenranta University of Technology},
  title =         {{Ecosystem architecture design: endogenous and
                   exogenous structural properties}},
  year =          {2013},
  isbn =          {978-952-265-465-6},
  language =      {en},
  url =           {http://urn.fi/URN:ISBN:978-952-265-465-6},
}

@incollection{Autio2013InnovationManagement,
  author =        {Autio, Erkko and Thomas, Llewellyn D. W.},
  booktitle =     {The Oxford Handbook of Innovation Management},
  editor =        {Dodgson, M, Philips, N., {\&} Gann, D. M.},
  publisher =     {Oxford University Press},
  title =         {{Innovation Ecosystems: Implications for Innovation
                   Management}},
  year =          {2013},
}

@article{Russell2015RelationalEcosystems,
  author =        {Russell, Martha G. and Huhtamaki, Jukka and
                   Still, Kaisa and Rubens, Neil and Basole, Rahul C.},
  journal =       {Triple Helix: A Journal of
                   University-Industry-Government Innovation and
                   Entrepreneurship (THJI)},
  title =         {{Relational Capital for Shared Vision in Innovation
                   Ecosystems}},
  year =          {2015},
}

@book{Hwang2012,
  address =       {Los Altos Hills, Calif.},
  author =        {Hwang, Victor W. and Horowitt, Greg},
  edition =       {1.02 editi},
  month =         {2},
  pages =         {304},
  publisher =     {Regenwald},
  title =         {{The Rainforest: The Secret to Building the Next
                   Silicon Valley}},
  year =          {2012},
  isbn =          {9780615586724},
  language =      {English},
  url =           {http://www.amazon.com/
                  The-Rainforest-Secret-Building-Silicon/dp/0615586724},
}

@book{Pentland2015,
  address =       {New York, New York, USA},
  author =        {Pentland, Alex "Sandy"},
  pages =         {300},
  publisher =     {Penguin Books},
  title =         {{Social Physics: How Social Networks Can Make Us
                   Smarter}},
  year =          {2015},
  isbn =          {978-0-14-312633-1},
}

@article{Ritala2009,
  author =        {Ritala, Paavo and Armila, Leila and
                   Blomqvist, Kirsimarja},
  journal =       {International Journal of Innovation Management},
  month =         {12},
  number =        {04},
  pages =         {569--591},
  title =         {{Innovation orchestration capability — Defining the
                   organizational and individual level determinants}},
  volume =        {13},
  year =          {2009},
  doi =           {10.1142/S136391960900242X},
  issn =          {1363-9196, 1757-5877},
  url =           {http://www.worldscientific.com/doi/abs/10.1142/
                  S136391960900242X},
}

@article{Ritala2013,
  author =        {Ritala, Paavo and Agouridas, Vassilis and
                   Assimakopoulos, Dimitris and Gies, Otto},
  journal =       {International Journal of Technology Management},
  number =        {3/4},
  pages =         {244--267},
  title =         {{Value creation and capture mechanisms in innovation
                   ecosystems: a comparative case study}},
  volume =        {63},
  year =          {2013},
}

@article{Bendoly2016FitAnalytics,
  author =        {Bendoly, Elliot},
  journal =       {Journal of Business Logistics},
  title =         {{Fit, Bias and Enacted Sensemaking in Data
                   visualization: Frameworks for Continuous in
                   operations and Supply Chain Management Analytics}},
  year =          {2016},
}

@book{Moreno1953,
  address =       {Beacon, NY, USA},
  author =        {Moreno, Jakob Levy},
  publisher =     {Beacon House Inc.},
  title =         {{Who Shall Survive?: Foundations of Sociometry, Group
                   Psychotherapy and Sociodrama}},
  year =          {1953},
  url =           {http://www.asgpp.org/docs/WSS/WSS.html},
}

@article{Freeman2000VisualizingNetworks,
  author =        {Freeman, Linton C},
  journal =       {Journal of Social Structure},
  number =        {1},
  pages =         {[np]},
  title =         {{Visualizing Social Networks}},
  volume =        {1},
  year =          {2000},
  issn =          {1529-1227},
  url =           {http://www.cmu.edu/joss/content/articles/volume1/
                  Freeman.html},
}

@article{Basole2014,
  author =        {Basole, Rahul C.},
  journal =       {IEEE Computer Graphics and Applications},
  month =         {9},
  number =        {5},
  pages =         {26--34},
  title =         {{Visual Business Ecosystem Intelligence: Lessons from
                   the Field}},
  volume =        {34},
  year =          {2014},
  doi =           {10.1109/MCG.2014.104},
  issn =          {0272-1716},
  url =           {http://ieeexplore.ieee.org/ielx7/38/6898687/
                      06898700.pdf?tp={\&}arnumber=6898700{\&}isnumber=6898687
  http://ieeexplore.ieee.org/xpl/articleDetails.jsp?arnumber=6898700},
}

@article{Lam2012,
  author =        {Lam, H. and Bertini, E. and Isenberg, P. and
                   Plaisant, C. and Carpendale, S.},
  journal =       {IEEE Transactions on Visualization and Computer
                   Graphics},
  month =         {9},
  number =        {9},
  pages =         {1520--1536},
  title =         {{Empirical Studies in Information Visualization:
                   Seven Scenarios}},
  volume =        {18},
  year =          {2012},
  doi =           {10.1109/TVCG.2011.279},
  issn =          {1077-2626},
  url =           {http://ieeexplore.ieee.org/ielx5/2945/6238449/
                      06095544.pdf?tp={\&}arnumber=6095544{\&}isnumber=6238449
  http://ieeexplore.ieee.org/xpls/abs{\_}all.jsp?arnumber=6095544{\&}tag=1},
}

@article{Sedlmair2011,
  author =        {Sedlmair, Michael and Isenberg, Petra and
                   Baur, Dominikus and Butz, Andreas},
  journal =       {Information Visualization},
  month =         {7},
  pages =         {1473871611413099},
  title =         {{Information visualization evaluation in large
                   companies: Challenges, experiences and
                   recommendations}},
  year =          {2011},
  doi =           {10.1177/1473871611413099},
  issn =          {1473-8716, 1473-8724},
  language =      {en},
  url =           {http://ivi.sagepub.com/content/early/2011/07/19/
                  1473871611413099 http://ivi.sagepub.com/content/early/2011/
                  07/19/1473871611413099.abstract http://ivi.sagepub.com/
                  content/early/2011/07/19/1473871611413099.full.pdf},
}

@article{Jarvi2016TakingReview,
  author =        {J{\"{a}}rvi, Kati and Kortelainen, Samuli},
  journal =       {International Journal of Business and Systems
                   Research},
  pages =         {Forthcoming},
  title =         {{Taking stock of empirical research on business
                   ecosystems: a literature review}},
  year =          {2016},
}

@inproceedings{Still2012ParadigmDigital,
  address =       {Seoul, Korea},
  author =        {Still, Kaisa and Huhtam{\"{a}}ki, Jukka and
                   Russell, Martha G. and Rubens, Neil},
  booktitle =     {Proceedings of the 5th ISPIM Innovation Forum, 9-12
                   December, 2012, Seoul, Korea},
  title =         {{Paradigm shift in innovation indicators: from analog
                   to digital}},
  year =          {2012},
}

@inproceedings{Salonen2013ChallengesMedia,
  author =        {Salonen, Jaakko and Huhtam{\"{a}}ki, Jukka and
                   Nyk{\"{a}}nen, Ossi},
  booktitle =     {17th International Academic MindTrek Conference 2013:
                   ”Making Sense of Converging Media”, October 1-3,
                   Tampere, Finland},
  pages =         {131--138},
  publisher =     {ACM},
  title =         {{Challenges in Heterogeneous Web Data Analytics -
                   Case Finnish Growth Companies in Social Media}},
  year =          {2013},
  url =           {http://urn.fi/URN:NBN:fi:tty-201312191527},
}

@article{Lazer2009ComputationalScience,
  author =        {Lazer, David and Pentland, Alex and Adamic, Lada and
                   Aral, Sinan and Barab{\'{a}}si, Albert-László and
                   Brewer, Devon and Christakis, Nicholas and
                   Contractor, Noshir and Fowler, James and
                   Gutmann, Myron and Jebara, Tony and King, Gary and
                   Macy, Michael and Roy, Deb and Alstyne, Marshall Van},
  journal =       {Science},
  month =         {2},
  number =        {5915},
  pages =         {721--723},
  title =         {{Computational Social Science}},
  volume =        {323},
  year =          {2009},
  doi =           {10.1126/science.1167742},
  issn =          {0036-8075, 1095-9203},
  language =      {en},
}

@article{Watts1999,
  author =        {Watts, Duncan J.},
  journal =       {American Journal of Sociology},
  month =         {9},
  number =        {2},
  pages =         {493--527},
  title =         {{Networks, Dynamics, and the Small-World Phenomenon}},
  volume =        {105},
  year =          {1999},
  doi =           {10.1086/210318},
  issn =          {0002-9602},
  url =           {http://www.jstor.org/stable/10.1086/210318},
}

@article{Barabasi2003,
  author =        {Barab{\'{a}}si, Albert-László and Bonabeau, Eric},
  journal =       {Scientific American},
  month =         {5},
  number =        {5},
  pages =         {50--59},
  title =         {{Scale-Free Networks}},
  volume =        {288},
  year =          {2003},
}

@inproceedings{Pan2012,
  author =        {Pan, Wei and Altshuler, Y. and Pentland, A.},
  month =         {9},
  pages =         {203--209},
  title =         {{Decoding Social Influence and the Wisdom of the
                   Crowd in Financial Trading Network}},
  year =          {2012},
  doi =           {10.1109/SocialCom-PASSAT.2012.133},
  url =           {http://ieeexplore.ieee.org/ielx5/6403618/6406254/
                      06406285.pdf?tp={\&}arnumber=6406285{\&}isnumber=6406254
  http://ieeexplore.ieee.org/xpl/articleDetails.jsp?arnumber=6406285},
}

@article{Sein2011ActionResearch,
  author =        {Sein, Maung and Henfridsson, Ola and Purao, Sandeep and
                   Rossi, Matti and Lindgren, Rikard},
  journal =       {MIS Quarterly},
  number =        {1},
  pages =         {37--56},
  title =         {{Action Design Research}},
  volume =        {35},
  year =          {2011},
  issn =          {0276-7783},
  language =      {eng},
}

@article{Basole2009VisualizationEcosystem,
  author =        {Basole, Rahul C.},
  journal =       {Journal of Information Technology},
  number =        {2},
  pages =         {144--159},
  title =         {{Visualization of interfirm relations in a converging
                   mobile ecosystem}},
  volume =        {24},
  year =          {2009},
  doi =           {10.1057/jit.2008.34},
  issn =          {0268-3962},
}

@article{Nunamaker2011TowardSystems,
  author =        {Nunamaker, Jay F. Jr. and Briggs, Robert O.},
  journal =       {ACM Transactions on Management Information Systems},
  month =         {1},
  number =        {4},
  pages =         {20:1–20:12},
  title =         {{Toward a Broader Vision for Information Systems}},
  volume =        {2},
  year =          {2011},
  doi =           {10.1145/2070710.2070711},
  issn =          {2158-656X},
  url =           {http://doi.acm.org/10.1145/2070710.2070711 http://
                  dl.acm.org/ft{\_}gateway.cfm?id=2070711{\&}type=pdf},
}

@book{Simon1969,
  address =       {Cambridge, MA},
  author =        {Simon, Herbert A.},
  publisher =     {MIT Press},
  title =         {{The Sciences of the Artificial}},
  year =          {1969},
}

@article{Hevner2004,
  author =        {Hevner, Alan R. and March, Salvatore T. and
                   Park, Jinsoo and Ram, Sudha},
  journal =       {MIS Quarterly},
  number =        {1},
  pages =         {75--105},
  title =         {{Design Science in Information Systems Research}},
  volume =        {28},
  year =          {2004},
}

@book{Vaishnavi2007,
  address =       {Boca Raton},
  author =        {Vaishnavi, Vijay K. and Kuechler, William},
  month =         {10},
  pages =         {248},
  publisher =     {Auerbach Publications},
  title =         {{Design Science Research Methods and Patterns:
                   Innovating Information and Communication Technology}},
  year =          {2007},
  isbn =          {9781420059328},
  language =      {English},
  url =           {http://www.amazon.com/
                  Design-Science-Research-Methods-Patterns/dp/1420059327},
}

@article{Peffers2007,
  author =        {Peffers, Ken and Tuunanen, Tuure and
                   Rothenberger, Marcus and Chatterjee, Samir},
  journal =       {Journal of Management Information Systems},
  month =         {12},
  number =        {3},
  pages =         {45--77},
  title =         {{A Design Science Research Methodology for
                   Information Systems Research}},
  volume =        {24},
  year =          {2007},
  doi =           {10.2753/MIS0742-1222240302},
  url =           {http://dx.doi.org/10.2753/MIS0742-1222240302},
}

@incollection{Carlsson2010DesignApproach,
  author =        {Carlsson, Sven A.},
  pages =         {209--233},
  publisher =     {Springer US},
  series =        {Integrated Series in Information Systems},
  title =         {{Design Science Research in Information Systems: A
                   Critical Realist Approach}},
  year =          {2010},
  isbn =          {978-1-4419-5652-1 978-1-4419-5653-8},
  language =      {en},
}

@book{Naukkarinen2015WhatFinland,
  author =        {Naukkarinen, Johanna Kristiina},
  institution =   {Tampere University of Technology},
  month =         {11},
  title =         {{What Engineering Scientists Know and How They Know
                   It. Towards Understanding the Philosophy of
                   Engineering Science in Finland}},
  year =          {2015},
  isbn =          {978-952-15-3619-9},
  language =      {en},
  url =           {http://dspace.cc.tut.fi/dpub/handle/123456789/23475 http://
                  dspace.cc.tut.fi/dpub/bitstream/123456789/23475/3/
                  naukkarinen{\_}1344.pdf},
}

@inproceedings{Bygstad2011InAnalysis,
  author =        {Bygstad, Bendik and Munkvold, Bjørn Erik},
  booktitle =     {Thirty Second International Conference on Information
                   Systems, Shanghai 2011},
  title =         {{In Search of Mechanisms. Conducting a Critical
                   Realist Data Analysis}},
  year =          {2011},
}

@inproceedings{Thomas2012ModelingLiteratures,
  author =        {Thomas, Llewellyn D. W. and Autio, Erkko},
  booktitle =     {DRUID 2012, June 19-21, CBS, Copenhagen, Denmark.},
  pages =         {28},
  title =         {{Modeling the ecosystem: A meta-synthesis of
                   ecosystem and related literatures}},
  year =          {2012},
}

@article{Dobson2001TheResearch,
  author =        {Dobson, Philip J.},
  journal =       {Information Systems Frontiers},
  month =         {6},
  number =        {2},
  pages =         {199--210},
  title =         {{The Philosophy of Critical Realism—An Opportunity
                   for Information Systems Research}},
  volume =        {3},
  year =          {2001},
  doi =           {10.1023/A:1011495424958},
  issn =          {1387-3326, 1572-9419},
  language =      {en},
}

@book{Sayer2010MethodApproach,
  author =        {Sayer, Andrew},
  month =         {12},
  pages =         {228},
  publisher =     {Routledge},
  title =         {{Method in Social Science: A realist approach}},
  year =          {2010},
  isbn =          {978-1-136-96191-5},
  language =      {en},
  url =           {https://books.google.fi/books?id=Eb0uCgAAQBAJ},
}

@book{Archer1995RealistApproach,
  address =       {Cambridge},
  author =        {Archer, Margaret S.},
  pages =         {354},
  publisher =     {Cambridge University Press},
  title =         {{Realist social theory: the morphogenetic approach}},
  year =          {1995},
}

@book{Yin2003CaseMethods,
  address =       {Thousand Oaks, California},
  author =        {Yin, Robert K.},
  edition =       {3rd editio},
  month =         {12},
  publisher =     {SAGE Publications, Inc},
  title =         {{Case Study Research: Design and Methods}},
  year =          {2003},
  isbn =          {978-0-7619-2553-8},
  language =      {English},
  url =           {http://www.amazon.com/Case-Study-Research-Methods-Applied/
                  dp/0761925538/
  ref=sr{\_}1{\_}2?ie=UTF8{\&}qid=1437986428{\&}sr=8-2{\&}keywords=case+study+research+design+methods+yin+2003},
}

@phdthesis{Olsson2012UserServices,
  author =        {Olsson, Thomas},
  school =        {Tampere University of Technology},
  title =         {{User Expectations and Experiences of Mobile
                   Augmented Reality Services}},
  year =          {2012},
  isbn =          {978-952-15-2931-5},
  language =      {en},
  url =           {http://urn.fi/URN:ISBN:978-952-15-2953-5},
}

@article{Aken2004ManagementRules,
  author =        {Aken, Joan E. van},
  journal =       {Journal of Management Studies},
  number =        {2},
  pages =         {219--246},
  title =         {{Management Research Based on the Paradigm of the
                   Design Sciences: The Quest for Field-Tested and
                   Grounded Technological Rules}},
  volume =        {41},
  year =          {2004},
  doi =           {10.1111/j.1467-6486.2004.00430.x},
  issn =          {1467-6486},
  language =      {en},
}

@book{Schwaber2001,
  address =       {New Jersey},
  author =        {Schwaber, Ken and Beedle, Mike},
  publisher =     {Prentice Hall},
  title =         {{Agile Software Development with Scrum}},
  year =          {2001},
}

@book{Ries2011,
  address =       {USA},
  author =        {Ries, Eric},
  month =         {9},
  pages =         {336},
  publisher =     {Crown Business},
  title =         {{The Lean Startup}},
  year =          {2011},
  isbn =          {0307887898},
  url =           {http://www.amazon.com/dp/0307887898},
}

@book{Moran1990ThePractice,
  author =        {Moran, Emilio F.},
  pages =         {500},
  publisher =     {University of Michigan Press},
  title =         {{The Ecosystem Approach in Anthropology: From Concept
                   to Practice}},
  year =          {1990},
  isbn =          {978-0-472-08102-8},
  language =      {en},
  url =           {https://books.google.fi/books?id=EWxpVmUoLbIC},
}

@article{Huhtamaki2011AFinancing,
  author =        {Huhtam{\"{a}}ki, Jukka and Russell, Martha G. and
                   Still, Kaisa and Rubens, Neil},
  journal =       {Open Source Business Resource},
  month =         {3},
  pages =         {13--21},
  title =         {{A Network-Centric Snapshot of Value Co-Creation in
                   Finnish Innovation Financing}},
  year =          {2011},
  issn =          {1913-6102},
  url =           {http://www.osbr.ca/ojs/index.php/osbr/article/view/1288/
                  1234},
}

@book{Iansiti2004TheSustainability,
  address =       {Boston, Mass},
  author =        {Iansiti, Marco and Levien, Roy},
  month =         {8},
  pages =         {304},
  publisher =     {Harvard Business Review Press},
  title =         {{The Keystone Advantage: What the New Dynamics of
                   Business Ecosystems Mean for Strategy, Innovation,
                   and Sustainability}},
  year =          {2004},
  isbn =          {978-1-59139-307-8},
  language =      {English},
}

@article{Adner2010ValueGenerations,
  author =        {Adner, Ron and Kapoor, Rahul},
  journal =       {Strategic Management Journal},
  number =        {3},
  pages =         {306--333},
  title =         {{Value creation in innovation ecosystems: how the
                   structure of technological interdependence affects
                   firm performance in new technology generations}},
  volume =        {31},
  year =          {2010},
  doi =           {10.1002/smj.821},
  issn =          {1097-0266},
  language =      {en},
}

@article{Ramaswamy2009LeadingValue,
  author =        {Ramaswamy, Venkat},
  journal =       {Strategy {\&} Leadership},
  month =         {3},
  number =        {2},
  pages =         {32--37},
  title =         {{Leading the transformation to co-creation of value}},
  volume =        {37},
  year =          {2009},
  doi =           {10.1108/10878570910941208},
  issn =          {1087-8572},
}

@article{Ritala2009WhatsCoopetition,
  author =        {Ritala, Paavo and Hurmelinna-Laukkanen, Pia},
  journal =       {Technovation},
  month =         {12},
  number =        {12},
  pages =         {819--828},
  title =         {{What's in it for me? Creating and appropriating
                   value in innovation-related coopetition}},
  volume =        {29},
  year =          {2009},
  doi =           {10.1016/j.technovation.2009.07.002},
  issn =          {0166-4972},
}

@article{Paquin2013,
  author =        {Paquin, Raymond L. and Howard-Grenville, Jennifer},
  journal =       {Organization Studies},
  month =         {11},
  number =        {11},
  pages =         {1623--1653},
  title =         {{Blind Dates and Arranged Marriages: Longitudinal
                   Processes of Network Orchestration}},
  volume =        {34},
  year =          {2013},
  doi =           {10.1177/0170840612470230},
  issn =          {0170-8406, 1741-3044},
  language =      {en},
  url =           {http://oss.sagepub.com/content/34/11/1623 http://
                  oss.sagepub.com/content/34/11/1623.full.pdf},
}

@article{OhInnovationExamination,
  author =        {Oh, Deog-Seong and Phillips, Fred and Park, Sehee and
                   Lee, Eunghyun},
  journal =       {Technovation},
  title =         {{Innovation ecosystems: A critical examination}},
  doi =           {10.1016/j.technovation.2016.02.004},
  issn =          {0166-4972},
  url =           {http://www.sciencedirect.com/science/article/pii/
                  S0166497216300062 http://www.sciencedirect.com/science/
                  article/pii/S0166497216300062/
  pdfft?md5=001076609b6520bbb723e88c2c9d840f{\&}pid=1-s2.0-S0166497216300062-main.pdf},
}

@article{Weber2015WhoConcept,
  author =        {Weber, Michael and Hine, Michael},
  journal =       {Technology Innovation Management Review},
  number =        {5},
  pages =         {31--44},
  title =         {{Who Inhabits a Business Ecosystem? The Technospecies
                   as a Unifying Concept}},
  volume =        {5},
  year =          {2015},
  issn =          {1927-0321},
  url =           {http://timreview.ca/article/896},
}

@article{Yang2014OverlappingNetworks,
  author =        {Yang, J. and Leskovec, J.},
  journal =       {Proceedings of the IEEE},
  month =         {12},
  number =        {12},
  pages =         {1892--1902},
  title =         {{Overlapping Communities Explain Core-Periphery
                   Organization of Networks}},
  volume =        {102},
  year =          {2014},
  doi =           {10.1109/JPROC.2014.2364018},
  issn =          {0018-9219},
  url =           {http://ieeexplore.ieee.org/ielx7/5/6957007/
                      06953058.pdf?tp={\&}arnumber=6953058{\&}isnumber=6957007
  http://ieeexplore.ieee.org/xpls/abs{\_}all.jsp?arnumber=6953058{\&}tag=1},
}

@book{Wasserman1994SocialApplications,
  author =        {Wasserman, Stanley and Faust, Katherine},
  publisher =     {Cambridge university press},
  title =         {{Social network analysis: Methods and applications}},
  volume =        {8},
  year =          {1994},
  url =           {http://www.google.com/
  books?hl=fi{\&}lr={\&}id=CAm2DpIqRUIC{\&}oi=fnd{\&}pg=PR21{\&}dq=Social+Network+Analysis:+Methods+and+Applications{\&}ots=HuMmui{\_}zSg{\&}sig=r6qpck3BPrBaO4E0KCvSTY0F5Sg
  http://www.google.fi/books?hl=fi{\&}lr={\&}id=CAm2DpIqRUIC{\&}oi=fnd{\&}pg=PR21{\&}dq=Social+Network+},
}

@article{Milgram1967TheProblem,
  author =        {Milgram, Stanley},
  journal =       {Psychology Today},
  month =         {5},
  number =        {1},
  pages =         {61--67},
  title =         {{The Small-World Problem}},
  volume =        {1},
  year =          {1967},
}

@article{Watts1998,
  author =        {Watts, Duncan J. and Strogatz, Steven H.},
  journal =       {Nature},
  month =         {6},
  number =        {6684},
  pages =         {440--442},
  title =         {{Collective dynamics of ‘small-world’ networks}},
  volume =        {393},
  year =          {1998},
  doi =           {10.1038/30918},
  issn =          {0028-0836},
  language =      {en},
  url =           {http://www.nature.com/nature/journal/v393/n6684/abs/
                  393440a0.html http://www.nature.com/nature/journal/v393/
                  n6684/pdf/393440a0.pdf},
}

@article{Barabasi1999EmergenceNetworks,
  author =        {Barab{\'{a}}si, Albert-László and Albert, Réka},
  journal =       {science},
  number =        {5439},
  pages =         {509–512},
  title =         {{Emergence of scaling in random networks}},
  volume =        {286},
  year =          {1999},
}

@book{Hansen2011AnalyzingWorld,
  address =       {Burlington, MA, USA},
  author =        {Hansen, Derek L. and Shneiderman, Ben and
                   Smith, Marc A.},
  month =         {9},
  publisher =     {Morgan Kaufmann},
  title =         {{Analyzing Social Media Networks with NodeXL:
                   Insights from a Connected World}},
  year =          {2011},
  isbn =          {0123822297},
}

@inproceedings{Bastian2009Gephi:Networks,
  author =        {Bastian, Mathieu and Heymann, Sebastien and
                   Jacomy, Mathieu},
  booktitle =     {Proceedings of the Third International AAAI
                   Conference on Weblogs and Social Media, May 17-20,
                   2009, San Jose, California, USA},
  month =         {5},
  title =         {{Gephi: An Open Source Software for Exploring and
                   Manipulating Networks}},
  year =          {2009},
}

@book{Barabasi2003Linked:Means,
  address =       {USA},
  author =        {Barab{\'{a}}si, Albert-László},
  month =         {5},
  publisher =     {Plume},
  title =         {{Linked: How Everything Is Connected to Everything
                   Else and What It Means}},
  year =          {2003},
  isbn =          {0452284392},
}

@inproceedings{Jesus2009,
  address =       {Orlando, Florida},
  author =        {Jesus, Rut and Schwartz, Martin and Lehmann, Sune},
  pages =         {Article 5, 10 pages},
  publisher =     {ACM},
  title =         {{Bipartite networks of Wikipedia's articles and
                   authors: a meso-level approach}},
  year =          {2009},
  doi =           {10.1145/1641309.1641318},
  isbn =          {978-1-60558-730-1},
  url =           {http://portal.acm.org/citation.cfm?id=1641309.1641318},
}

@inproceedings{Molka-Danielsen2007IRISAnalysis,
  address =       {Tampere, Finland},
  author =        {Molka-Danielsen, Judith and Trier, Matthias and
                   Slykh, Vadim and Bobrik, Annette and
                   Nurminen, Markku I.},
  booktitle =     {Proceedings of IRIS (Information Systems Research in
                   Scandinavia) Conference},
  month =         {8},
  title =         {{IRIS (1978-2006) Historical Reflection through
                   Visual Analysis}},
  year =          {2007},
  url =           {http://www.commetrix.de/iris/iris.html},
}

@techreport{Giuliani2008,
  address =       {Falmer, Brighton, UK},
  author =        {Giuliani, Elisa and Bell, Martin},
  institution =   {SPRU},
  month =         {8},
  series =        {SPRU Electronic Working Paper Series},
  title =         {{Industrial clusters and the evolution of their
                   knowledge networks: revisiting a Chilean case}},
  year =          {2008},
  url =           {http://www.sussex.ac.uk/spru/documents/sewp171},
}

@incollection{Freeman2009MethodsVisualization,
  address =       {Berlin},
  author =        {Freeman, Linton C.},
  booktitle =     {Encyclopedia of Complexity and Systems Science},
  editor =        {Meyers, R. A.},
  pages =         {145–156},
  publisher =     {Springer},
  title =         {{Methods of Social Network Visualization}},
  year =          {2009},
}

@article{Levine1979Joint-spaceAlternatives,
  author =        {Levine, Joel H.},
  journal =       {Psychometrika},
  number =        {1},
  pages =         {85--92},
  title =         {{Joint-space analysis of “pick-any” data:
                   Analysis of choices from an unconstrained set of
                   alternatives}},
  volume =        {44},
  year =          {1979},
  doi =           {10.1007/BF02293787},
  issn =          {0033-3123},
  url =           {http://www.springerlink.com/content/006x6846532826wh/ http:/
                  /www.springerlink.com/content/006x6846532826wh/fulltext.pdf},
}

@article{Granovetter1973TheTies,
  author =        {Granovetter, Mark},
  journal =       {American journal of sociology},
  number =        {6},
  pages =         {1360--1380},
  title =         {{The Strength of Weak Ties}},
  volume =        {78},
  year =          {1973},
}

@article{Olson2008GreatAPI,
  author =        {Olson, Rob},
  journal =       {TechCrunch},
  month =         {7},
  title =         {{Great Apps Using The CrunchBase API}},
  year =          {2008},
  url =           {http://techcrunch.com/2008/07/27/
                  great-apps-using-the-crunchbase-api/},
}

@article{Clarysse2014CreatingEcosystems,
  author =        {Clarysse, Bart and Wright, Mike and Bruneel, Johan and
                   Mahajan, Aarti},
  journal =       {Research Policy},
  month =         {9},
  number =        {7},
  pages =         {1164--1176},
  title =         {{Creating value in ecosystems: Crossing the chasm
                   between knowledge and business ecosystems}},
  volume =        {43},
  year =          {2014},
  doi =           {10.1016/j.respol.2014.04.014},
  issn =          {0048-7333},
  url =           {http://www.sciencedirect.com/science/article/pii/
                  S0048733314000766 http://www.sciencedirect.com/science/
                  article/pii/S0048733314000766/
  pdfft?md5=29c7d9bb62f8c89ee0911a814eeaa08e{\&}pid=1-s2.0-S0048733314000766-main.pdf},
}

@article{Parise2015HowIdeas,
  author =        {Parise, Salvatore and Whelan, Eoin and Todd, Steve},
  journal =       {MIT Sloan Management Review},
  title =         {{How Twitter Users Can Generate Better Ideas}},
  year =          {2015},
}

@article{Bizzi2012StudyingNetworks,
  author =        {Bizzi, Lorenzo and Langley, Ann},
  journal =       {Industrial Marketing Management},
  month =         {2},
  number =        {2},
  pages =         {224--234},
  series =        {Time and process in business network research},
  title =         {{Studying processes in and around networks}},
  volume =        {41},
  year =          {2012},
  doi =           {10.1016/j.indmarman.2012.01.007},
  issn =          {0019-8501},
  url =           {http://www.sciencedirect.com/science/article/pii/
                  S0019850112000089 http://www.sciencedirect.com/science/
                  article/pii/S0019850112000089/
  pdfft?md5=942554e58beb9dc551a196698d0de856{\&}pid=1-s2.0-S0019850112000089-main.pdf},
}

@article{Basole2015UnderstandingApproach,
  author =        {Basole, Rahul C. and Russell, Martha G. and
                   Huhtam{\"{a}}ki, Jukka and Rubens, Neil and
                   Still, Kaisa and Park, Hyunwoo},
  journal =       {ACM Transactions on Management Information Systems
                   (TMIS)},
  number =        {2},
  pages =         {6},
  title =         {{Understanding Business Ecosystem Dynamics: A
                   Data-Driven Approach}},
  volume =        {6},
  year =          {2015},
  url =           {http://dl.acm.org/citation.cfm?id=2724730},
}

@article{Basole2013UnderstandingVisualization,
  author =        {Basole, Rahul C. and Clear, Trustin and Hu, Mengdie and
                   Mehrotra, Harshit and Stasko, John},
  journal =       {IEEE Transactions on Visualization and Computer
                   Graphics},
  number =        {12},
  pages =         {2526--2535},
  title =         {{Understanding Interfirm Relationships in Business
                   Ecosystems with Interactive Visualization}},
  volume =        {19},
  year =          {2013},
  doi =           {10.1109/TVCG.2013.209},
  issn =          {1077-2626},
  url =           {http://www.computer.org/csdl/trans/tg/2013/12/
                  ttg2013122526-abs.html},
}

@article{Fox2011ChangingVisualization,
  author =        {Fox, Peter and Hendler, James},
  journal =       {Science},
  number =        {6018},
  pages =         {705--708},
  title =         {{Changing the equation on scientific data
                   visualization}},
  volume =        {331},
  year =          {2011},
  doi =           {10.1126/science.1197654},
  isbn =          {9781467301558},
  issn =          {0036-8075},
}

@book{Tufte1983VisualInformation,
  author =        {Tufte, Edward},
  edition =       {6TH PRINTI},
  pages =         {197},
  publisher =     {GRAPHICS PRESS},
  title =         {{Visual Display of Quantitative Information}},
  year =          {1983},
  language =      {English},
  url =           {http://www.amazon.com/
                  Visual-Display-Quantitative-Information-Edward/dp/B004DUBBBU/
  ref=sr{\_}1{\_}4?ie=UTF8{\&}qid=1424864402{\&}sr=8-4{\&}keywords=The+Visual+Display+of+Quantitative+Information},
}

@article{Williams2015MixedAnalysis,
  author =        {Williams, Trenton A. and Shepherd, Dean A.},
  journal =       {Organizational Research Methods},
  month =         {10},
  pages =         {31},
  title =         {{Mixed Method Social Network Analysis Combining
                   Inductive Concept Development, Content Analysis, and
                   Secondary Data for Quantitative Analysis}},
  year =          {2015},
  doi =           {10.1177/1094428115610807},
  issn =          {1094-4281, 1552-7425},
  language =      {en},
}

@article{Thomas2006AAgenda,
  author =        {Thomas, James J. and Cook, Kristin A.},
  journal =       {IEEE Computer Graphics and Applications},
  number =        {1},
  pages =         {10--13},
  title =         {{A visual analytics agenda}},
  volume =        {26},
  year =          {2006},
  doi =           {10.1109/MCG.2006.5},
  issn =          {02721716},
  language =      {English},
}

@article{Heer2012InteractiveAnalysis,
  author =        {Heer, Jeffrey and Shneiderman, Ben},
  journal =       {Communications of the ACM},
  number =        {4},
  pages =         {45--54},
  title =         {{Interactive Dynamics for Visual Analysis}},
  volume =        {55},
  year =          {2012},
}

@book{Keim2010MasteringAnalytics,
  author =        {Keim, Daniel and Kohlhammer, Jörn and
                   Ellis, Geoffrey and Mansmann, Florian},
  pages =         {168},
  publisher =     {Eurographics Association},
  title =         {{Mastering the Information Age - Solving Problems
                   with Visual Analytics}},
  year =          {2010},
  isbn =          {978-3-905673-77-7},
  url =           {http://www.vismaster.eu/book/},
}

@incollection{Smith2015TheConversations,
  author =        {Smith, Marc A. and Himelboim, Itai and Rainie, Lee and
                   Shneiderman, Ben},
  editor =        {Matei, Sorin Adam and Russell, Martha G. and
                   Bertino, Elisa},
  pages =         {67--108},
  publisher =     {Springer International Publishing},
  series =        {Computational Social Sciences},
  title =         {{The Structures of Twitter Crowds and Conversations}},
  year =          {2015},
  isbn =          {978-3-319-18551-4 978-3-319-18552-1},
  language =      {en},
  url =           {http://link.springer.com/chapter/10.1007/
                  978-3-319-18552-1{\_}5 http://link.springer.com/content/pdf/
                  10.1007{\%}2F978-3-319-18552-1{\_}5.pdf},
}

@article{Still2014InsightsVisualisations,
  author =        {Still, Kaisa and Huhtam{\"{a}}ki, Jukka and
                   Russell, Martha G. and Rubens, Neil},
  journal =       {International Journal of Technology Management},
  month =         {1},
  number =        {2-3},
  pages =         {243--265},
  title =         {{Insights for orchestrating innovation ecosystems:
                   the case of EIT ICT Labs and data-driven network
                   visualisations}},
  volume =        {66},
  year =          {2014},
  doi =           {10.1504/IJTM.2014.064606},
  issn =          {0267-5730},
  url =           {http://www.inderscienceonline.com/doi/abs/10.1504/
                  IJTM.2014.064606},
}

@inproceedings{Shneiderman1996TheVisualizations,
  author =        {Shneiderman, Ben},
  booktitle =     {Proceedings of IEEE Symposium on Visual Languages,
                   Boulder, Colorado, USA},
  pages =         {336--343},
  publisher =     {IEEE Computer Society},
  title =         {{The Eyes Have It: A Task by Data Type Taxonomy for
                   Information Visualizations}},
  year =          {1996},
}

@inproceedings{Heer2005,
  author =        {Heer, Jeffrey and boyd, danah},
  booktitle =     {Proceedings of the 2005 IEEE Symposium on Information
                   Visualization (INFOVIS '05)},
  number =        {1},
  pages =         {33--40},
  publisher =     {IEEE Computer Society},
  title =         {{Vizster: Visualizing Online Social Networks}},
  volume =        {11},
  year =          {2005},
  isbn =          {0-7803-9464-x},
  url =           {http://jheer.org/publications/
                  2005-Vizster-InfoVis.pdf http://portal.acm.org/
  citation.cfm?id=1106572{\&}coll=Portal{\&}dl=GUIDE{\&}CFID=33814175{\&}CFTOKEN=67825429{\#}},
}

@article{Bush1945AsThink,
  author =        {Bush, Vannevar},
  journal =       {The Atlantic Monthly},
  month =         {7},
  title =         {{As We May Think}},
  year =          {1945},
  doi =           {10.1145/227181.227186},
  url =           {http://www.theatlantic.com/magazine/archive/1945/07/
                  as-we-may-think/303881/},
}

@misc{McGonigal2005,
  address =       {Berkeley, CA, USA},
  author =        {McGonigal, Jane},
  month =         {5},
  title =         {{Down the rabbit hole}},
  year =          {2005},
  url =           {http://www.avantgame.com/
                  McGonigal{\_}down the rabbit hole{\_}050505.pdf},
}

@inproceedings{Huhtamaki2007CommunityEcosystem,
  author =        {Huhtam{\"{a}}ki, Jukka},
  booktitle =     {Proceedings of the 1st OPAALS conference, November
                   26-27, 2007, Rome, Italy},
  month =         {11},
  publisher =     {opaals.eu},
  title =         {{Community visualisations in Open Knowledge Space:
                   Uncovering rabbit holes in a digital ecosystem}},
  year =          {2007},
}

@article{Vessey1991,
  author =        {Vessey, Iris and Galletta, Dennis},
  journal =       {Information Systems Research},
  month =         {3},
  number =        {1},
  pages =         {63--84},
  title =         {{CognitiveVessey, I., {\&} Galletta, D. (1991).
                   Cognitive Fit: An Empirical Study of Information
                   Acquisition. Information Systems Research, 2(1),
                   63–84. doi:10.1287/isre.2.1.63 Fit: An Empirical
                   Study of Information Acquisition}},
  volume =        {2},
  year =          {1991},
  doi =           {10.1287/isre.2.1.63},
  issn =          {1047-7047},
  url =           {http://pubsonline.informs.org/doi/abs/10.1287/isre.2.1.63},
}

@article{Dunn2001,
  author =        {Dunn, Cheryl and Grabski, Severin},
  journal =       {Decision Sciences},
  month =         {3},
  number =        {1},
  pages =         {55--94},
  title =         {{An Investigation of Localization as an Element of
                   Cognitive Fit in Accounting Model Representations}},
  volume =        {32},
  year =          {2001},
  doi =           {10.1111/j.1540-5915.2001.tb00953.x},
  issn =          {1540-5915},
  language =      {en},
  url =           {http://onlinelibrary.wiley.com/doi/10.1111/
                  j.1540-5915.2001.tb00953.x/abstract http://
                  onlinelibrary.wiley.com/store/10.1111/
                  j.1540-5915.2001.tb00953.x/asset/
  j.1540-5915.2001.tb00953.x.pdf?v=1{\&}t=i1htpzui{\&}s=5695ba3e8f7e9fc632ecb5b773f8dba89e99c3d4},
}

@article{Basole2016EnablingAnalysis,
  author =        {Basole, Rahul C. and Huhtam{\"{a}}ki, Jukka and
                   Still, Kaisa and Russell, Martha G.},
  journal =       {International Journal of Human-Computer Studies},
  title =         {{Enabling the Wide Lens: A Comparative Study of
                   Visual Decision Support for Business Ecosystem
                   Analysis}},
  volume =        {Submitted},
  year =          {2016},
}

@inproceedings{Still2013relationalsocialcapital,
  author =        {Still, Kaisa and Huhtam{\"{a}}ki, Jukka and
                   Russell, Martha G.},
  booktitle =     {Proceedings of the 10th International Conference on
                   Intellectual Capital, Knowledge Management and
                   Organisational Learning, The George Washington
                   University, Washington, DC, USA, 24-25 October 2013},
  pages =         {420--428},
  title =         {{Relational Capital and Social Capital: One or two
                   Fields of Research?}},
  year =          {2013},
}

@article{Nahapiet1998,
  author =        {Nahapiet, Janine and Ghoshal, Sumantra},
  journal =       {The Academy of Management Review},
  month =         {4},
  number =        {2},
  pages =         {242--266},
  title =         {{Social Capital, Intellectual Capital, and the
                   Organizational Advantage}},
  volume =        {23},
  year =          {1998},
  doi =           {10.2307/259373},
  issn =          {0363-7425},
  url =           {http://www.jstor.org/stable/259373 http://www.jstor.org/
                  stable/pdfplus/259373.pdf?acceptTC=true},
}

@inproceedings{Still2014EcosystemicRelationalCapital,
  author =        {Still, Kaisa and Huhtam{\"{a}}ki, Jukka and
                   Russell, Martha G.},
  booktitle =     {Proceedings of the XII Triple Helix International
                   Conference 2014 (THC 2014), September 11-13, Tomsk,
                   Russia},
  title =         {{Ecosystemic relational capital: framework and
                   process for measuring it}},
  year =          {2014},
}

@inproceedings{Huhtamaki2013ProcessDemola,
  author =        {Huhtam{\"{a}}ki, Jukka and Luotonen, Ville and
                   Kairamo, Ville and Still, Kaisa and
                   Russell, Martha G.},
  booktitle =     {17th International Academic MindTrek Conference 2013:
                   ”Making Sense of Converging Media”, October 1-3,
                   Tampere, Finland},
  publisher =     {ACM},
  title =         {{Process for Measuring and Visualizing an Open
                   Innovation Platform: Case Demola}},
  year =          {2013},
  url =           {http://urn.fi/URN:NBN:fi:tty-201312201533 http://
                  www.slideshare.net/jukkahuhtamaki/
                  mindtrek2013-visualizingdemolav03},
}

@inproceedings{Hansen2012DoData,
  author =        {Hansen, Derek L. and Rotman, Dana and
                   Bonsignore, Elizabeth and Milic-Frayling, Nataa and
                   Rodrigues, Eduarda Mendes and Smith, Marc and
                   Shneiderman, Ben},
  booktitle =     {Proceedings of the 2012 International Conference on
                   Social Informatics},
  pages =         {304--313},
  publisher =     {IEEE},
  title =         {{Do You Know the Way to SNA?: A Process Model for
                   Analyzing and Visualizing Social Media Network Data}},
  year =          {2012},
  doi =           {10.1109/SocialInformatics.2012.26},
  isbn =          {978-1-4799-0234-7 978-0-7695-5015-2},
}

@inproceedings{Basole2012UnderstandingApproach,
  address =       {Delft, Netherlands},
  author =        {Basole, Rahul C. and Russell, Martha G. and
                   Huhtam{\"{a}}ki, Jukka and Rubens, Neil},
  month =         {6},
  title =         {{Understanding Mobile Ecosystem Dynamics: A
                   Data-Driven Approach}},
  year =          {2012},
}

@article{Ahuja2012TheNetworks,
  author =        {Ahuja, Gautam and Soda, Giuseppe and Zaheer, Akbar},
  journal =       {Organization Science},
  number =        {2},
  pages =         {434–448},
  title =         {{The genesis and dynamics of organizational
                   networks}},
  volume =        {23},
  year =          {2012},
  url =           {http://orgsci.journal.informs.org/content/23/2/
                  434.short http://didattica.unibocconi.it/mypage/upload/
  48816{\_}20110615{\_}034929{\_}OSNETDYNAMICFINAL{\_}PROOF.PDF},
}

@article{Huotari2016WinnerMarkets,
  author =        {Huotari, Pontus and J{\"{a}}rvi, Kati and
                   Kortelainen, Samuli and Huhtam{\"{a}}ki, Jukka},
  journal =       {Technological Forecasting and Social Change},
  number =        {Submitted},
  title =         {{Winner Does Not Take All: Selective Attention and
                   Local Bias in Platform-based Markets}},
  year =          {2016},
}

@techreport{Rubens2010LeveragingMoves,
  author =        {Rubens, Neil and Still, Kaisa and
                   Huhtam{\"{a}}ki, Jukka and Russell, Martha G.},
  institution =   {Media X at Stanford University},
  month =         {2},
  series =        {Innovation Ecosystems Consortium},
  title =         {{Leveraging Social Media for Analysis of Innovation
                   Players and Their Moves}},
  year =          {2010},
}

@inproceedings{Huhtamaki2012NetworksFinland,
  address =       {Santer{\'{e}}m, Portugal},
  author =        {Huhtam{\"{a}}ki, Jukka and Still, Kaisa and
                   Isomursu, Minna and Russell, Martha G. and
                   Rubens, Neil},
  month =         {9},
  title =         {{Networks of Growth: Case Young Innovative Companies
                   in Finland}},
  year =          {2012},
}

@incollection{Huhtamaki2013AFinancing,
  author =        {Huhtam{\"{a}}ki, Jukka and Russell, Martha G. and
                   Still, Kaisa and Rubens, Neil},
  booktitle =     {Value Co-Creation: Best of TIM Review},
  editor =        {Tanev, Stoyan and Sepp{\"{a}}, Marko and
                   Chowaniec, Adam},
  publisher =     {Talent First Network},
  title =         {{A Network-Centric Snapshot of Value Co-Creation in
                   Finnish Innovation Financing}},
  year =          {2013},
}

@inproceedings{Still2013NetworksFinland,
  author =        {Still, Kaisa and Huhtam{\"{a}}ki, Jukka and
                   Russell, Martha G. and Basole, Rahul C. and
                   Salonen, Jaakko and Rubens, Neil},
  booktitle =     {Proceedings of the XXIV ISPIM Conference –
                   Innovating in Global Markets: Challenges for
                   Sustainable Growth, 16-19 June 2013, Helsinki,
                   Finland},
  pages =         {15},
  title =         {{Networks of innovation relationships: multiscopic
                   views on Finland}},
  year =          {2013},
}

@book{2012DataHandbook,
  edition =       {1.0 Beta},
  editor =        {Gray, Jonathan and Bounegru, Liliana and
                   Chambers, Lucy},
  title =         {{Data Journalism Handbook}},
  year =          {2012},
  url =           {http://datajournalismhandbook.org/1.0/en/index.html},
}

@inproceedings{Still2011ExplainingEurope,
  address =       {Stanford, California, USA},
  author =        {Still, Kaisa and Russell, Martha G. and
                   Huhtam{\"{a}}ki, Jukka and Turpeinen, Marko and
                   Rubens, Neil},
  month =         {7},
  title =         {{Explaining Innovation with Indicators of Mobility
                   and Networks: Insights into Central Innovation Nodes
                   in Europe}},
  year =          {2011},
}

@inproceedings{Turpeinen2011,
  address =       {Tampere, Finland},
  author =        {Turpeinen, Marko},
  booktitle =     {Snapshots, Movies and Interactive Tools: Analyzing
                   and Communicating the Power of Relationships in
                   Innovation Ecosystems (of Digital Media), Mindtrek
                   2011},
  month =         {9},
  title =         {{What Kind of Questions in Innovation Ecosystems
                   Insist Visualization? Mobility Analysis in the
                   Context of European Innovation Ecosystem}},
  year =          {2011},
  url =           {http://www.mindtrek.org/2011/
                  visualizing-innovation-ecosystems},
}

@article{Schoemaker1995ScenarioThinking,
  author =        {Schoemaker, Paul J. H.},
  journal =       {Sloan Management Review},
  number =        {2},
  pages =         {25–40},
  title =         {{Scenario Planning: A Tool for Strategic Thinking}},
  volume =        {36},
  year =          {1995},
  issn =          {0019-848X},
  language =      {English},
}

@inproceedings{Huhtamaki2010AFinancing,
  address =       {Nokia, Finland},
  author =        {Huhtam{\"{a}}ki, Jukka and Russell, Martha G. and
                   Rubens, Neil and Still, Kaisa},
  month =         {9},
  title =         {{A Network-Centric Snapshot of Value Co-Creation in
                   Finnish Innovation Financing}},
  year =          {2010},
}

@inproceedings{Rubens2011AlumniAnalysis,
  address =       {Amman, Jordan},
  author =        {Rubens, Neil and Russell, Martha and Perez, Rafael and
                   Huhtam{\"{a}}ki, Jukka and Still, Kaisa and
                   Kaplan, Dain and Okamoto, Toshio},
  month =         {4},
  pages =         {606--611},
  publisher =     {IEEE},
  title =         {{Alumni network analysis}},
  year =          {2011},
  doi =           {10.1109/EDUCON.2011.5773200},
  url =           {http://ieeexplore.ieee.org/stampPDF/
                  getPDF.jsp?tp={\&}arnumber=5773200},
}

@techreport{Schilling2008,
  address =       {Rochester, NY},
  author =        {Schilling, Melissa A.},
  institution =   {Social Science Research Network},
  month =         {1},
  title =         {{Understanding the Alliance Data}},
  year =          {2008},
  url =           {http://papers.ssrn.com/abstract=2533187 http://
                  papers.ssrn.com/sol3/papers.cfm?abstract{\_}id=2533187},
}

@article{Navarro2001AMatching,
  author =        {Navarro, Gonzalo},
  journal =       {ACM Comput. Surv.},
  month =         {3},
  number =        {1},
  pages =         {31–88},
  title =         {{A Guided Tour to Approximate String Matching}},
  volume =        {33},
  year =          {2001},
  doi =           {10.1145/375360.375365},
  issn =          {0360-0300},
}

@inproceedings{Finkel2005IncorporatingSampling,
  address =       {Stroudsburg, PA, USA},
  author =        {Finkel, Jenny Rose and Grenager, Trond and
                   Manning, Christopher},
  pages =         {363–370},
  publisher =     {Association for Computational Linguistics},
  series =        {ACL '05},
  title =         {{Incorporating Non-local Information into Information
                   Extraction Systems by Gibbs Sampling}},
  year =          {2005},
  doi =           {10.3115/1219840.1219885},
  url =           {http://dx.doi.org/10.3115/1219840.1219885 http://dl.acm.org/
                  ft{\_}gateway.cfm?id=1219885{\&}type=pdf},
}

@inproceedings{Heer2005Vizster:Networks,
  author =        {Heer, Jeffrey and Boyd, Danah},
  pages =         {32–39},
  publisher =     {IEEE},
  title =         {{Vizster: Visualizing online social networks}},
  year =          {2005},
  url =           {http://ieeexplore.ieee.org/xpls/
                  abs{\_}all.jsp?arnumber=1532126 http://vis.berkeley.edu/
                  papers/vizster/2005-Vizster-InfoVis.pdf},
}

@book{Telea2008,
  address =       {Wellesley, Mass.},
  author =        {Telea, Alexandru C},
  publisher =     {A K Peters},
  title =         {{Data visualization: principles and practice}},
  year =          {2008},
  isbn =          {9781568813066 1568813066},
  language =      {English},
  url =           {http://www.amazon.com/
                  Data-Visualization-Principles-Alexandru-Telea/dp/1568813066},
}

@inproceedings{Huhtamaki2010Context-DrivenCo-Creation,
  address =       {Dubrovnik, Croatia},
  author =        {Huhtam{\"{a}}ki, Jukka and Salonen, Jaakko and
                   Marttila, Jarno and Nyk{\"{a}}nen, Ossi},
  booktitle =     {Proceedings of the Second International Workshop on
                   Knowledge Federation: Self-Organizing Collective
                   Mind, October 3-6, 2010, Dubrovnik, Croatia},
  editor =        {Karabeg, Dino and Park, Jack},
  month =         {10},
  publisher =     {CEUR-WS.org},
  title =         {{Context-Driven Social Network Visualisation: Case
                   Wiki Co-Creation}},
  year =          {2010},
  url =           {http://urn.fi/URN:NBN:fi:tty-201201161008},
}

@incollection{Huhtamaki2015Ostinato:Analytics,
  author =        {Huhtam{\"{a}}ki, Jukka and Russell, Martha G. and
                   Rubens, Neil and Still, Kaisa},
  pages =         {197–222},
  publisher =     {Springer},
  title =         {{Ostinato: The exploration-automation cycle of
                   user-centric, process-automated data-driven visual
                   network analytics}},
  year =          {2015},
  url =           {http://link.springer.com/chapter/10.1007/
                  978-3-319-18552-1{\_}11},
}

@book{Card1999ReadingsThink,
  address =       {San Francisco, Calif.},
  author =        {Card, Stuart K and Mackinlay, Jock D and
                   Shneiderman, Ben},
  publisher =     {Morgan Kaufmann Publishers},
  title =         {{Readings in information visualization: using vision
                   to think}},
  year =          {1999},
  isbn =          {1558605339 9781558605336},
  language =      {English},
  url =           {http://www.amazon.com/
                  Readings-Information-Visualization-Interactive-Technologies/
                  dp/1558605339},
}

@inproceedings{Nykanen2008,
  address =       {Tampere, Finland},
  author =        {Nyk{\"{a}}nen, Ossi and Salonen, Jaakko and
                   Haapaniemi, Matti and Huhtam{\"{a}}ki, Jukka},
  month =         {10},
  pages =         {76--85},
  publisher =     {Tampere University of Technology},
  title =         {{A Visualisation System for a Peer-to-Peer
                   Information Space}},
  year =          {2008},
  isbn =          {978-952-15-2027-3},
}

@article{Wong2004VisualAnalytics,
  author =        {Wong, Pak Chung and Thomas, J.},
  journal =       {IEEE Computer Graphics and Applications},
  month =         {10},
  number =        {5},
  pages =         {20 - 21},
  title =         {{Visual Analytics}},
  volume =        {24},
  year =          {2004},
  doi =           {10.1109/MCG.2004.39},
  issn =          {0272-1716},
  url =           {http://ieeexplore.ieee.org/ielx5/38/29442/
                  01333623.pdf?tp={\&}arnumber=1333623{\&}isnumber=29442 http:/
                  /ieeexplore.ieee.org/xpls/abs{\_}all.jsp?arnumber=1333623},
}

@inproceedings{Pirolli2005TheAnalysis,
  author =        {Pirolli, Peter and Card, Stuart},
  booktitle =     {Proceedings of International Conference on
                   Intelligence Analysis},
  title =         {{The sensemaking process and leverage points for
                   analyst technology as identified through cognitive
                   task analysis}},
  year =          {2005},
}

@article{Weick2005OrganizingSensemaking,
  author =        {Weick, Karl E. and Sutcliffe, Kathleen M. and
                   Obstfeld, David},
  journal =       {Organization Science},
  month =         {8},
  number =        {4},
  pages =         {409--421},
  title =         {{Organizing and the Process of Sensemaking}},
  volume =        {16},
  year =          {2005},
  doi =           {10.1287/orsc.1050.0133},
  issn =          {1047-7039},
}

@article{Peng2009,
  author =        {Peng, Roger D.},
  journal =       {Biostatistics},
  month =         {7},
  number =        {3},
  pages =         {405--408},
  title =         {{Reproducible research and Biostatistics}},
  volume =        {10},
  year =          {2009},
  doi =           {10.1093/biostatistics/kxp014},
  issn =          {1465-4644, 1468-4357},
  language =      {en},
  url =           {http://biostatistics.oxfordjournals.org/content/10/3/405},
}

@article{Peng2011,
  author =        {Peng, Roger D.},
  journal =       {Science},
  month =         {12},
  number =        {6060},
  pages =         {1226--1227},
  title =         {{Reproducible Research in Computational Science}},
  volume =        {334},
  year =          {2011},
  doi =           {10.1126/science.1213847},
  issn =          {0036-8075, 1095-9203},
  language =      {en},
  url =           {http://www.sciencemag.org/content/334/6060/1226},
}

@misc{Ghosh2013,
  author =        {Ghosh, Satrajit},
  title =         {{Python Tools for Reproducible Research in Brain
                   Imaging}},
  year =          {2013},
  url =           {https://speakerdeck.com/satra/
  pydata-2013-python-tools-for-reproducible-research-in-brain-imaging},
}

@misc{Wikipedia.org2015,
  author =        {{Wikipedia.org}},
  month =         {7},
  title =         {{Web crawler}},
  year =          {2015},
  language =      {en},
  url =           {https://en.wikipedia.org/w/
                  index.php?title=Web{\_}crawler{\&}oldid=670025903},
}

@techreport{Intel2013,
  author =        {{Intel}},
  institution =   {Intel White Paper},
  pages =         {9},
  title =         {{Extract, Transform, and Load Big Data with Apache
                   Hadoop}},
  year =          {2013},
  url =           {https://software.intel.com/en-us/articles/
                  extract-transform-and-load-big-data-with-apache-hadoop},
}

@misc{Indarto2013,
  author =        {Indarto, Eko},
  title =         {{Data Mining}},
  year =          {2013},
  url =           {http://recommender-systems.readthedocs.org/en/latest/
                  datamining.html},
}

@incollection{Huhtamaki2017ProcessingExperiences,
  address =       {New York},
  author =        {Huhtam{\"{a}}ki, Jukka and Russell, Martha G. and
                   Still, Kaisa},
  booktitle =     {Visual Analytics for Management Translational Science
                   and Applications in Practice},
  editor =        {Bendoly, Elliot and Clark, Sacha},
  publisher =     {Taylor {\&} Francis / Routledge},
  title =         {{Processing data for visual network analytics:
                   innovation ecosystem experiences}},
  year =          {2017},
}

@book{Mawer2000TheRavel,
  address =       {Cambridge, United Kingdom},
  author =        {Mawer, Deborah},
  publisher =     {Cambridge University Press},
  title =         {{The Cambridge Companion to Ravel}},
  year =          {2000},
}

@book{Davenport2014BigOpportunities,
  address =       {Boston, Massachusetts, USA},
  author =        {Davenport, Thomas H.},
  pages =         {240},
  publisher =     {Harvard Business Press Books},
  title =         {{Big Data at Work: Dispelling the Myths, Uncovering
                   the Opportunities}},
  year =          {2014},
  url =           {http://hbr.org/product/
  big-data-at-work-dispelling-the-myths-uncovering-the-opportunities/an/16574-HBK-ENG?referral=01240},
}

@article{Vinoski2008,
  author =        {Vinoski, Steve},
  journal =       {Internet Computing},
  month =         {2},
  number =        {January/February 2008},
  pages =         {84--87},
  title =         {{Serendipitous Reuse}},
  year =          {2008},
  url =           {http://steve.vinoski.net/pdf/
                  IEEE-Serendipitous{\_}Reuse.pdf http://www.computer.org/
                  portal/site/dsonline/
                  menuitem.9ed3d9924aeb0dcd82ccc6716bbe36ec/
                  index.jsp?{\&}pName=dso{\_}level1{\&}path=dsonline/2008/
  02{\&}file=w1tow.xml{\&}xsl=article.xsl{\&};jsessionid=JnLCf0p8c224QhTY7},
}

@article{Bizer2009,
  author =        {Bizer, Christian and Heath, Tom and Berners-Lee, Tim},
  journal =       {International Journal on Semantic Web and Information
                   Systems},
  number =        {3},
  pages =         {1--22},
  title =         {{Linked Data - The Story So Far}},
  volume =        {5},
  year =          {2009},
}

@article{Kandel2011,
  author =        {Kandel, Sean and Heer, Jeffrey and
                   Plaisant, Catherine and Kennedy, Jessie and
                   van Ham, Frank and Riche, Nathalie Henry and
                   Weaver, Chris and Lee, Bongshin and
                   Brodbeck, Dominique and Buono, Paolo},
  journal =       {Information Visualization},
  month =         {10},
  number =        {4},
  pages =         {271–288},
  title =         {{Research Directions in Data Wrangling:
                   Visuatizations and Transformations for Usable and
                   Credible Data}},
  volume =        {10},
  year =          {2011},
  doi =           {10.1177/1473871611415994},
  issn =          {1473-8716},
  url =           {http://dx.doi.org/10.1177/1473871611415994},
}

@article{Petschulat2010,
  author =        {Petschulat, Stephen},
  journal =       {Communications of the ACM},
  month =         {1},
  number =        {1},
  pages =         {53},
  title =         {{Other people's data}},
  volume =        {53},
  year =          {2010},
  doi =           {10.1145/1629175.1629196},
  issn =          {00010782},
  language =      {en},
  url =           {http://cacm.acm.org/magazines/2010/1/
                  55742-other-peoples-data/fulltext},
}

@article{Vassiliadis2009,
  author =        {Vassiliadis, Panos},
  journal =       {International Journal of Data Warehousing and Mining},
  number =        {3},
  pages =         {1--27},
  publisher =     {IGI Global},
  title =         {{A Survey of Extract–Transform–Load Technology}},
  volume =        {5},
  year =          {2009},
  doi =           {10.4018/jdwm.2009070101},
  issn =          {1548-3924},
  language =      {en},
  url =           {http://www.igi-global.com/article/
                  survey-extract-transform-load-technology/3894},
}

@article{Newman2001TheNetworks,
  author =        {Newman, M. E. J.},
  journal =       {Proceedings of the National Academy of Sciences},
  month =         {1},
  number =        {2},
  pages =         {404--409},
  title =         {{The structure of scientific collaboration networks}},
  volume =        {98},
  year =          {2001},
  doi =           {10.1073/pnas.98.2.404},
  issn =          {0027-8424, 1091-6490},
  language =      {en},
  url =           {http://www.pnas.org/content/98/2/404 http://www.pnas.org/
                  content/98/2/404.full http://www.pnas.org/content/98/2/
                  404.full.pdf},
}

@techreport{Page1999TheWeb,
  author =        {Page, Lawrence and Brin, Sergey and Motwani, Rajeev and
                   Winograd, Terry},
  month =         {11},
  title =         {{The PageRank Citation Ranking: Bringing Order to the
                   Web}},
  year =          {1999},
  url =           {http://ilpubs.stanford.edu:8090/422/},
}

@article{Kleinberg1999AuthoritativeEnvironment,
  author =        {Kleinberg, Jon M.},
  journal =       {Journal of the ACM},
  month =         {9},
  number =        {5},
  pages =         {604–632},
  title =         {{Authoritative sources in a hyperlinked environment}},
  volume =        {46},
  year =          {1999},
  doi =           {10.1145/324133.324140},
  issn =          {0004-5411},
  url =           {http://doi.acm.org/10.1145/324133.324140},
}

@article{Jarvi2016DismantlingLinkages,
  author =        {J{\"{a}}rvi, Kati and Huhtam{\"{a}}ki, Jukka},
  journal =       {Technological Forecasting and Social Change},
  title =         {{Dismantling the Innovation Ecosystem Structure:
                   Emergent and Engineered Knowledge Linkages}},
  volume =        {Submitted},
  year =          {2016},
}

@article{North2006,
  author =        {North, C.},
  journal =       {IEEE Computer Graphics and Applications},
  month =         {5},
  number =        {3},
  pages =         {6--9},
  title =         {{Toward measuring visualization insight}},
  volume =        {26},
  year =          {2006},
  doi =           {10.1109/MCG.2006.70},
  issn =          {0272-1716},
  url =           {http://ieeexplore.ieee.org/xpl/
  login.jsp?tp={\&}arnumber=1626178{\&}url=http{\%}3A{\%}2F{\%}2Fieeexplore.ieee.org{\%}2Fxpls{\%}2Fabs{\_}all.jsp{\%}3Farnumber{\%}3D1626178},
}

@article{Konno2014,
  author =        {Konno, Noboru and Nonaka, Ikujiro and Ogilvy, Jay},
  journal =       {World Futures},
  month =         {1},
  number =        {1},
  pages =         {28--43},
  title =         {{Scenario Planning: The Basics}},
  volume =        {70},
  year =          {2014},
  doi =           {10.1080/02604027.2014.875720},
  issn =          {0260-4027},
  url =           {http://www.tandfonline.com/doi/abs/10.1080/
                  02604027.2014.875720 http://www.tandfonline.com/doi/abs/
                  10.1080/02604027.2014.875720{\#}.VI1164fskyo},
}

@article{Gregor2013PositioningImpact,
  author =        {Gregor, Shirley and Hevner, Alan R.},
  journal =       {MIS Quarterly},
  month =         {6},
  number =        {2},
  pages =         {337-A6},
  title =         {{Positioning and Presenting Design Science Research
                   for Maximum Impact}},
  volume =        {37},
  year =          {2013},
  issn =          {02767783},
}

@inproceedings{Russell2015IFKAD,
  author =        {Russell, Martha G. and Still, Kaisa and
                   Huhtam{\"{a}}ki, Jukka},
  booktitle =     {Proceedings of International Forum on Knowledge Asset
                   Dynamics, June 10-12, 2015, Bari, Italy},
  title =         {{Visual tools to support innovation development: user
                   experiences from the Parisian ecosystem}},
  year =          {2015},
}

@article{Davenport2013Analytics3.0,
  author =        {Davenport, Thomas H.},
  journal =       {Harvard Business Review},
  month =         {12},
  number =        {12},
  pages =         {64--72},
  title =         {{Analytics 3.0}},
  volume =        {91},
  year =          {2013},
  issn =          {00178012},
  url =           {https://search.ebscohost.com/
  login.aspx?direct=true{\&}db=bth{\&}AN=92545710{\&}site=ehost-live{\&}scope=site
  https://content.ebscohost.com/ContentServer.asp?T=P{\&}P=AN{\&}K=92545710{\&}S=R{\&}D=hbs{\&}EbscoContent=dGJyMNLe80Sep6440dvuOLCmr02eprVSsKu4TbKWxWXS{\&}ContentCustomer=dGJyM},
}

@article{Kurtz2003,
  author =        {Kurtz, Cynthia F. and Snowden, David J.},
  journal =       {IBM SYSTEMS JOURNAL},
  number =        {3},
  pages =         {462 - 483},
  title =         {{The new dynamics of strategy: Sense-making in a
                   complex and complicated world}},
  volume =        {42},
  year =          {2003},
  doi =           {10.1147/sj.423.0462},
}

@article{Shenton2004StrategiesProjects,
  author =        {Shenton, Andrew K.},
  journal =       {Education for Information},
  pages =         {63--75},
  title =         {{Strategies for ensuring trustworthiness in
                   qualitative research projects}},
  volume =        {22},
  year =          {2004},
  issn =          {1875-8649},
}

@misc{Hansen2013InfrastructureScience,
  address =       {Purdue University, West Lafayette, Indiana, USA},
  author =        {Hansen, Derek L.},
  title =         {{Infrastructure for Supporting Computational Social
                   Science}},
  year =          {2013},
  url =           {http://kredible.net/in/
                  infrastructure{\_}for{\_}computational{\_}social{\_}science/
                  },
}

@article{Afuah2013,
  author =        {Afuah, Allan},
  journal =       {Strategic Management Journal},
  number =        {3},
  pages =         {257--273},
  title =         {{Are network effects really all about size? The role
                   of structure and conduct}},
  volume =        {34},
  year =          {2013},
  doi =           {10.1002/smj.2013},
  issn =          {1097-0266},
  language =      {en},
}

@article{Terras2012,
  address =       {London, UK},
  author =        {Terras, Melissa},
  journal =       {Impact of Social Sciences blog, London School of
                   Economics},
  month =         {4},
  pages =         {np.},
  title =         {{The verdict: is blogging or tweeting about research
                   papers worth it?}},
  year =          {2012},
  url =           {http://blogs.lse.ac.uk/impactofsocialsciences/2012/04/19/
                  blog-tweeting-papers-worth-it/},
}

@article{boyd2012CriticalData,
  author =        {boyd, danah and Crawford, Kate},
  journal =       {Information, Communication {\&} Society},
  month =         {6},
  number =        {5},
  pages =         {662--679},
  title =         {{Critical Questions for Big Data}},
  volume =        {15},
  year =          {2012},
  doi =           {10.1080/1369118X.2012.678878},
  issn =          {1369-118X},
}

@article{Aramo-Immonen2015ExploringData,
  author =        {Aramo-Immonen, Heli and Jussila, Jari and
                   Huhtam{\"{a}}ki, Jukka},
  journal =       {Computers in Human Behavior},
  pages =         {1154–1162},
  title =         {{Exploring co-learning behavior of conference
                   participants with visual network analysis of Twitter
                   data}},
  volume =        {51},
  year =          {2015},
  doi =           {10.1016/j.chb.2015.02.033},
  issn =          {0747-5632},
}

@inproceedings{Jussila2014,
  author =        {Jussila, Jari and Huhtam{\"{a}}ki, Jukka and
                   Henttonen, Kaisa and K{\"{a}}rkk{\"{a}}inen, Hannu and
                   Still, Kaisa},
  booktitle =     {Proceedings of the 47th Annual Hawaii International
                   Conference on System Sciences, January 6-9, 2014},
  pages =         {1474--1483},
  publisher =     {Computer Society Press},
  title =         {{Visual network analysis of Twitter data for
                   co-organizing conferences: case CMAD 2013}},
  year =          {2014},
  url =           {http://urn.fi/URN:NBN:fi:tty-201401221053},
}

@article{Aramo-Immonen2016VisualizingModel,
  author =        {Aramo-Immonen, Heli and K{\"{a}}rkk{\"{a}}inen, Hannu and
                   Jussila, Jari J. and Joel-Edgar, Sian and
                   Huhtam{\"{a}}ki, Jukka},
  journal =       {Computers in Human Behavior},
  pages =         {584--595},
  title =         {{Visualizing informal learning behavior from
                   conference participants' Twitter data with the
                   Ostinato Model}},
  volume =        {55, Part A},
  year =          {2016},
  doi =           {10.1016/j.chb.2015.09.043},
  issn =          {0747-5632},
}

@article{Ruoho2015,
  author =        {Ruoho, Iiris and Kuusipalo, Jaana and
                   Vainikka, Eliisa and Huhtam{\"{a}}ki, Jukka},
  journal =       {European Journal of Communication},
  title =         {{Politics on Twitter: Twitter Networks of Political
                   Elite and Political Journalists in Finland}},
  volume =        {Submitted},
  year =          {2015},
}

@article{Vainikka2015TviittienTwitterissa,
  author =        {Vainikka, Eliisa and Huhtam{\"{a}}ki, Jukka},
  journal =       {Media {\&} viestint{\"{a}}},
  number =        {3},
  pages =         {165--183},
  title =         {{Tviittien politiikkaa – poliittisen
                   viestinn{\"{a}}n sis{\"{a}}piirit Twitteriss{\"{a}}}},
  volume =        {38},
  year =          {2015},
  issn =          {2342-477X},
  url =           {http://www.mediaviestinta.fi/arkisto/index.php/mv/article/
                  view/299/282},
}

